@ARTICLE{8844649,
  author={R. {Zhang} and S. {Cao}},
  journal={IEEE Access}, 
  title={Extending Reliability of mmWave Radar Tracking and Detection via Fusion With Camera}, 
  year={2019},
  volume={7},
  number={},
  pages={137065-137079},}

@ARTICLE{9083948,
  author={A. {Sengupta} and F. {Jin} and R. {Zhang} and S. {Cao}},
  journal={IEEE Sensors Journal}, 
  title={mm-Pose: Real-Time Human Skeletal Posture Estimation Using mmWave Radars and CNNs}, 
  year={2020},
  volume={20},
  number={17},
  pages={10032-10044},}

@ARTICLE{8585077,
  author={R. {Zhang} and S. {Cao}},
  journal={IEEE Sensors Letters}, 
  title={Real-Time Human Motion Behavior Detection via CNN Using mmWave Radar}, 
  year={2019},
  volume={3},
  number={2},
  pages={1-4},}

@article{zhang20173d,
  title={3D imaging millimeter wave circular synthetic aperture radar},
  author={R. {Zhang} and S. {Cao}},
  journal={Sensors},
  volume={17},
  number={6},
  pages={1419},
  year={2017},
  publisher={Multidisciplinary Digital Publishing Institute}
}

@INPROCEEDINGS{9058256,
  author={R. {Zhang} and S. {Cao}},
  booktitle={2019 IEEE National Aerospace and Electronics Conference (NAECON)}, 
  title={Non-Synchronized Integration using Multiple Radars via Least Squares Fitting}, 
  year={2019},
  volume={},
  number={},
  pages={694-697},}

@INPROCEEDINGS{9048869,
  author={R. {Zhang} and S. {Cao}},
  booktitle={2019 53rd Asilomar Conference on Signals, Systems, and Computers}, 
  title={Robust and Adaptive Radar Elliptical Density-Based Spatial Clustering and labeling for mmWave Radar Point Cloud Data}, 
  year={2019},
  volume={},
  number={},
  pages={919-924},}

@INPROCEEDINGS{8835656,
  author={F. {Jin} and R. {Zhang} and A. {Sengupta} and S. {Cao} and S. {Hariri} and N. K. {Agarwal} and S. K. {Agarwal}},
  booktitle={2019 IEEE Radar Conference (RadarConf)}, 
  title={Multiple Patients Behavior Detection in Real-time using mmWave Radar and Deep CNNs}, 
  year={2019},
  volume={},
  number={},
  pages={1-6},}

@INPROCEEDINGS{8378586,
  author={R. {Zhang} and S. {Cao}},
  booktitle={2018 IEEE Radar Conference (RadarConf18)}, 
  title={Support vector machines for classification of automotive radar interference}, 
  year={2018},
  volume={},
  number={},
  pages={0366-0371},}

@INPROCEEDINGS{7944286,
  author={R. {Zhang} and S. {Cao}},
  booktitle={2017 IEEE Radar Conference (RadarConf)}, 
  title={Compressed sensing for portable millimeter wave 3D imaging radar}, 
  year={2017},
  volume={},
  number={},
  pages={0663-0668},}

@INPROCEEDINGS{7944216,
  author={R. {Zhang} and S. {Cao}},
  booktitle={2017 IEEE Radar Conference (RadarConf)}, 
  title={Portable millimeter wave 3D imaging radar}, 
  year={2017},
  volume={},
  number={},
  pages={0298-0303},}